@article{Kohler1999,
 author = {Kohler, Eddie and Morris, Robert and Chen, Benjie and Jannotti, John and Kaashoek, M. Frans},
 title = {The Click Modular Router},
 journal = {ACM Trans. Comput. Syst.},
 volume = {18},
 number = {3},
 month = {Aug.},
 year = {2000},
} 

@misc{trema,
	title = {{Trema: Full-Stack OpenFlow Framework in Ruby and C}},
	howpublished = {\url{https://trema.github.io/trema/}}
}


@inproceedings{Casado,
	author = {Casado, Martin and Freedman, Michael J. and Pettit, Justin and Luo, Jianying and McKeown, Nick and Shenker, Scott},
	title = {Ethane: Taking Control of the Enterprise},
	booktitle = {Proc. SIGCOMM},
	year = {2007}
} 


